@manual{LaboNotasMnE,
	title		= "Labonotas Meten en Experimenteren",
	author		= "Heidi Ottevaere",
	organization	= "Vrije Universiteit Brussel",
	year		= "2019"
}

@manual{cursusMnE,
	title = "Cursus Meten en Experimenteren",
	author = "Heidi Ottevaere",
	organization = "Vrije Universiteit Brussel",
	year = "2019"
}

