@manual{LaboNotasMnE,
	title		= "Labonotas Meten en Experimenteren",
	author		= "Heidi Ottevaere",
	organization	= "VUB",
	year		= "2019"
}